@article{claerbout1991scrutiny,
  title={A Scrutiny of the Introduction},
  author={Claerbout, Jon F},
  journal={The Leading Edge},
  volume={10},
  number={1},
  pages={39--41},
  year={1991},
  publisher={Society of Exploration Geophysicists}
}

@article{landes1951scrutiny,
  title={A Scrutiny of the Abstract},
  author={Landes, Kenneth K},
  journal={Bulletin of the American Association of Petroleum Geologists},
  volume={35},
  number={7},
  pages={1660},
  year={1951}
}

@article{garousi2019guidelines,
  title={Guidelines for including grey literature and conducting multivocal literature reviews in software engineering},
  author={Garousi, Vahid and Felderer, Michael and M{\"a}ntyl{\"a}, Mika V},
  journal={Information and Software Technology},
  volume={106},
  pages={101--121},
  year={2019},
  publisher={Elsevier}
}

@article{owasp2017top,
  title={Top 10-2017},
  author={OWASP, Top},
  journal={The Ten Most Critical Web Application Security Risks. OWASPâ„¢ Foundation. The free and open software security community. URL: https://www. owasp. org/index. php/Top\_10-2017\_Top\_10},
  year={2017}
}

@misc{pentasecurity_tds,
url={https://www.pentasecurity.com/blog/signature-based-vs-rule-based-wafs/}
}

@misc{pentasecurity_types,
url={https://www.pentasecurity.com/blog/3-types-web-application-firewalls/}
}

@misc{owasp_waf,
url={https://owasp.org/www-community/Web_Application_Firewall}}

@misc{techtarget_waf,
url={https://searchsecurity.techtarget.com/definition/Web-application-firewall-WAF}}

@misc{modsecurity,
url={https://modsecurity.org/}}

@misc{owasp_crs,
url={https://coreruleset.org/}}

@article{gartner2020,
  title={Magic Quadrant for Web Application Firewalls},
  author={D'Hoinne, Jeremy and Hils, Adam and Kaur, Rajpreet and Watts, John},
  journal={Gartner Research},
  year={2020}
}

@misc{command_shell_tweet,
year = {2020},
title = {Here's a command injection WAF bypass that works},
language = {eng},
author = {Mohammed Aldoub},
url = {https://twitter.com/Voulnet/status/1229031352596672513}
}

@misc{too_many_parameters,
year={2018},
title={Cloudflare WAF Bypass Vulnerability Discovered},
language = {eng},
author= {Abeerah Hashim},
url = {https://latesthackingnews.com/2018/10/26/cloudflare-waf-bypass-vulnerability-discovered/}
}

@misc{security_features_collide,
year={2018},
title={When Security Features Collide},
language = {eng},
author = {James Kettle},
url = {https://portswigger.net/research/when-security-features-collide}
}

@misc{imperva_obfuscate,
year={2020},
title={Imperva WAF Bypass},
author={KevTheHermin},
url={https://techanarchy.net/blog/imperva-waf-bypass}
}

@misc{http_pollution,
url={https://seclists.org/fulldisclosure/2016/Nov/22}
}

@misc{js_unicode,
url={https://hipotermia.pw/bb/xss-incapsula}
}

@misc{owasp_bypass_techniques,
url={https://owasp.org/www-pdf-archive/OWASP-NL\_2016-04-21-Web\_Application\_Firewall,\_Filter\_and\_Bypass.pdf}}

@misc{evading_wafs,
url={"https://mazinahmed.net/uploads/Evading\%20All\%20Web-Application\%20Firewalls\%20XSS\%20Filters.pdf"}}

@misc{fun_waf_bypass,
url={https://www.redtimmy.com/how-to-hack-a-company-by-circumventing-its-waf-for-fun-and-profit-part-2/}}

@article{thang2020improving,
  title={Improving Efficiency of Web Application Firewall to Detect Code Injection Attacks with Random Forest Method and Analysis Attributes HTTP Request},
  author={Thang, Nguyen Manh},
  journal={Programming and Computer Software},
  volume={46},
  number={5},
  pages={351--361},
  year={2020},
  publisher={Springer}
}

@inproceedings{chaliasos2019mime,
  title={Mime Artist: Bypassing Whitelisting for the Web with JavaScript Mimicry Attacks},
  author={Chaliasos, Stefanos and Metaxopoulos, George and Argyros, George and Mitropoulos, Dimitris},
  booktitle={European Symposium on Research in Computer Security},
  pages={565--585},
  year={2019},
  organization={Springer}
}

@article{gimenez2010http,
  title={HTTP data set CSIC 2010},
  author={Gim{\'e}nez, Carmen Torrano and Villegas, Alejandro P{\'e}rez and Mara{\~n}{\'o}n, Gonzalo {\'A}lvarez},
  journal={Information Security Institute of CSIC (Spanish Research National Council)},
  year={2010}
}

@article{liu2020web,
  title={Web intrusion detection system combined with feature analysis and SVM optimization},
  author={Liu, Chao and Yang, Jing and Wu, Jinqiu},
  journal={EURASIP Journal on Wireless Communications and Networking},
  volume={2020},
  number={1},
  pages={33},
  year={2020},
  publisher={Springer}
}

@article{do2020adaptive,
  title={An adaptive anomaly request detection framework based on dynamic web application profiles.},
  author={Do Xuan, Cho and Nguyen, Nam and Dinh, Hoa Nguyen},
  journal={International Journal of Electrical \& Computer Engineering (2088-8708)},
  volume={10},
  number={5},
  year={2020}
  }
  
 @inproceedings{tanriverdi2019implementation,
  title={Implementation of Blockchain Based Distributed Web Attack Detection Application},
  author={Tanr{\i}verdi, Mustafa and Tekerek, Adem},
  booktitle={2019 1st International Informatics and Software Engineering Conference (UBMYK)},
  pages={1--6},
  year={2019},
  organization={IEEE}
}

@inproceedings{appelt2017automatically,
  title={Automatically repairing web application firewalls based on successful SQL injection attacks},
  author={Appelt, Dennis and Panichella, Annibale and Briand, Lionel},
  booktitle={2017 IEEE 28th International Symposium on Software Reliability Engineering (ISSRE)},
  pages={339--350},
  year={2017},
  organization={IEEE}
}

@inproceedings{tommy2017automatic,
  title={Automatic detection and correction of vulnerabilities using machine learning},
  author={Tommy, Robin and Sundeep, Gullapudi and Jose, Hima},
  booktitle={2017 International Conference on Current Trends in Computer, Electrical, Electronics and Communication (CTCEEC)},
  pages={1062--1065},
  year={2017},
  organization={IEEE}
}

@misc{wafbrain,
url={https://github.com/BBVA/waf-brain}}

@article{valenza2020waf,
  title={WAF-A-MoLE: An adversarial tool for assessing ML-based WAFs},
  author={Valenza, Andrea and Demetrio, Luca and Costa, Gabriele and Lagorio, Giovanni},
  journal={SoftwareX},
  volume={11},
  pages={100367},
  year={2020},
  publisher={Elsevier}
}

@inproceedings{perera2016commerce,
  title={E-commerce (WEB) Application security: Defense against Reconnaissance},
  author={Perera, Ashan Chulanga and Kesavan, Krishnadeva and Bannakkotuwa, Sripa Vimukthi and Liyanapathirana, Chethana and Rupasinghe, Lakmal},
  booktitle={2016 IEEE International Conference on Computer and Information Technology (CIT)},
  pages={732--742},
  year={2016},
  organization={IEEE}
}

@misc{awesome_waf,
url={https://github.com/0xInfection/Awesome-WAF}
}

@misc{waf_diagram,
url={https://coggle.it/diagram/XJ2fVcOlNbl6fBzZ/t/web-application-firewall-bypass}}

@misc{virtualpatching,
title={Dynamic DAST/WAF integration: Realtime virtual patching.
},
author={Barnett, Ryan}}

@misc{virtualpatching_survey,
title={Owasp virtual patching survey results},
author={Barnett, Ryan}}

@article{thang2020improving,
  title={Improving Efficiency of Web Application Firewall to Detect Code Injection Attacks with Random Forest Method and Analysis Attributes HTTP Request},
  author={Thang, Nguyen Manh},
  journal={Programming and Computer Software},
  volume={46},
  number={5},
  pages={351--361},
  year={2020},
  publisher={Springer}
}

@article{do2020adaptive,
  title={An adaptive anomaly request detection framework based on dynamic web application profiles.},
  author={Do Xuan, Cho and Nguyen, Nam and Dinh, Hoa Nguyen},
  journal={International Journal of Electrical \& Computer Engineering (2088-8708)},
  volume={10},
  number={5},
  year={2020}
  }
  
 @inproceedings{tanriverdi2019implementation,
  title={Implementation of Blockchain Based Distributed Web Attack Detection Application},
  author={Tanr{\i}verdi, Mustafa and Tekerek, Adem},
  booktitle={2019 1st International Informatics and Software Engineering Conference (UBMYK)},
  pages={1--6},
  year={2019},
  organization={IEEE}
}
@article{liu2020web,
  title={Web intrusion detection system combined with feature analysis and SVM optimization},
  author={Liu, Chao and Yang, Jing and Wu, Jinqiu},
  journal={EURASIP Journal on Wireless Communications and Networking},
  volume={2020},
  number={1},
  pages={33},
  year={2020},
  publisher={Springer}
}

@inproceedings{krueger2010tokdoc,
  title={TokDoc: A self-healing web application firewall},
  author={Krueger, Tammo and Gehl, Christian and Rieck, Konrad and Laskov, Pavel},
  booktitle={Proceedings of the 2010 ACM Symposium on Applied Computing},
  pages={1846--1853},
  year={2010}
}

@inproceedings{marchand2020automatic,
  title={Automatic repair of OWASP Top 10 security vulnerabilities: A survey},
  author={Marchand-Melsom, Alexander and Nguyen Mai, Duong Bao},
  booktitle={Proceedings of the IEEE/ACM 42nd International Conference on Software Engineering Workshops},
  pages={23--30},
  year={2020}
}

@inproceedings{appelt2017automatically,
  title={Automatically repairing web application firewalls based on successful SQL injection attacks},
  author={Appelt, Dennis and Panichella, Annibale and Briand, Lionel},
  booktitle={2017 IEEE 28th International Symposium on Software Reliability Engineering (ISSRE)},
  pages={339--350},
  year={2017},
  organization={IEEE}
}

